@article{gallier2003polyhedra,
  title={Polyhedra and Polytopes},
  author={Jean Gallier},
  journal={Advanced Geometric Methods in Computer Science Course Notes},
  volume={4},
  pages={49--65},
  year={2003},
  publisher={UPenn}
}

@article{topiwala2020polygon,
  title={Is the Point Inside the Polygon?},
  author={Anirudh Topiwala},
  journal={towards data science},
  year={2020},
}